@article{sarnat2015fine,
  title={Fine particulate matter components and emergency department visits for cardiovascular and respiratory diseases in the St. Louis, Missouri--Illinois, metropolitan area},
  author={Sarnat, Stefanie Ebelt and Winquist, Andrea and Schauer, James J and Turner, Jay R and Sarnat, Jeremy A},
  journal={Environmental health perspectives},
  volume={123},
  number={5},
  pages={437},
  year={2015},
  publisher={National Institute of Environmental Health Science}
}

@article{suh2011chemical,
  title={Chemical properties of air pollutants and cause-specific hospital admissions among the elderly in Atlanta, Georgia},
  author={Suh, Helen H and Zanobetti, Antonella and Schwartz, Joel and Coull, Brent A},
  journal={Environmental health perspectives},
  volume={119},
  number={10},
  pages={1421},
  year={2011},
  publisher={National Institute of Environmental Health Science}
}

@article{chen2009effects,
  title={Effects of metals within ambient air particulate matter (PM) on human health},
  author={Chen, Lung Chi and Lippmann, Morton},
  journal={Inhalation toxicology},
  volume={21},
  number={1},
  pages={1--31},
  year={2009},
  publisher={Taylor \& Francis}
}

@article{kelly2012size,
  title={Size, source and chemical composition as determinants of toxicity attributable to ambient particulate matter},
  author={Kelly, Frank J and Fussell, Julia C},
  journal={Atmospheric Environment},
  volume={60},
  pages={504--526},
  year={2012},
  publisher={Elsevier}
}

@article{rohr2012attributing,
  title={Attributing health effects to individual particulate matter constituents},
  author={Rohr, Annette C and Wyzga, Ronald E},
  journal={Atmospheric Environment},
  volume={62},
  pages={130--152},
  year={2012},
  publisher={Elsevier}
}

@article{strickland2010short,
  title={Short-term associations between ambient air pollutants and pediatric asthma emergency department visits},
  author={Strickland, Matthew J and Darrow, Lyndsey A and Klein, Mitchel and Flanders, W Dana and Sarnat, Jeremy A and Waller, Lance A and Sarnat, Stefanie E and Mulholland, James A and Tolbert, Paige E},
  journal={American journal of respiratory and critical care medicine},
  volume={182},
  number={3},
  pages={307--316},
  year={2010},
  publisher={Am Thoracic Soc}
}

@article{flanders2011method,
  title={A method for detection of residual confounding in time-series and other observational studies},
  author={Flanders, W Dana and Klein, Mitchel and Darrow, Lyndsey A and Strickland, Matthew J and Sarnat, Stefanie E and Sarnat, Jeremy A and Waller, Lance A and Winquist, Andrea and Tolbert, Paige E},
  journal={Epidemiology (Cambridge, Mass.)},
  volume={22},
  number={1},
  pages={59},
  year={2011},
  publisher={NIH Public Access}
}